@book{Walker_2019_collector,
  author =	 {Walker, Georgina},
  title =	 {The Private Collector's Museum: Public Good Versus
                  Private Gain},
  year =	 2019,
  publisher =	 "Routledge",
  address =	 "London, England"
}



@misc{LarrysList_2015_report,
  author =	 {{Larry's List}},
  title =	 {Private Art Museum report},
  year =	 2015,
  url =
                  {https://www.larryslist.com/report/Private%20Art%20Museum%20Report.pdf}
}



@Article{Peloza_Steel_2005_elasticities,
  author =	 {Peloza, John and Steel, Piers},
  title =	 {The Price Elasticities of Charitable Contributions:
                  A Meta-Analysis},
  year =	 2005,
  volume =	 24,
  number =	 2,
  month =	 {Sep},
  pages =	 {260–272},
  issn =	 {1547-7207},
  doi =		 {10.1509/jppm.2005.24.2.260},
  url =		 {http://dx.doi.org/10.1509/jppm.2005.24.2.260},
  journal =	 {Journal of Public Policy \& Marketing},
  publisher =	 {SAGE Publications}
}



@incollection{Zorloni_Resch_2016_opportunities,
  author =	 {Zorloni, Alessia and Resch, Magnus},
  title =	 {Turning Collections into Philanthropic
                  Opportunities},
  year =	 2016,
  pages =	 {1–18},
  issn =	 {2192-810X},
  doi =		 {10.1007/978-3-319-24241-5_1},
  url =		 {http://dx.doi.org/10.1007/978-3-319-24241-5_1},
  isbn =	 9783319242415,
  booktitle =	 {Art Wealth Management: Managing Private Collections},
  editor =	 {Zorloni, Alessia},
  publisher =	 {Springer International Publishing}
}



@Book{Adam_2021_rise,
  author =	 {Adam, Georgina},
  title =	 {The Rise and Rise of the Private Art Museum},
  year =	 2021,
  publisher =	 {Lund Humphries in association with Sotheby's
                  Institute of Art},
  address =	 {London},
  isbn =	 9781848223851,
}



@Article{Bekkers_Wiepking_2010_literature,
  author =	 {Bekkers, Ren{\'e} and Wiepking, Pamala},
  title =	 {A Literature Review of Empirical Studies of
                  Philanthropy},
  year =	 2010,
  volume =	 40,
  number =	 5,
  month =	 {Sep},
  pages =	 {924–973},
  issn =	 {1552-7395},
  doi =		 {10.1177/0899764010380927},
  url =		 {http://dx.doi.org/10.1177/0899764010380927},
  journal =	 {Nonprofit and Voluntary Sector Quarterly},
  publisher =	 {SAGE Publications}
}



@Article{Bekkers_Wiepking_2011_philanthropic,
  author =	 {Bekkers, Ren{\'e} and Wiepking, Pamala},
  title =	 {Testing Mechanisms for Philanthropic Behaviour},
  year =	 2011,
  volume =	 16,
  number =	 4,
  month =	 {Nov},
  pages =	 {291–297},
  issn =	 {1465-4520},
  doi =		 {10.1002/nvsm.428},
  url =		 {http://dx.doi.org/10.1002/nvsm.428},
  journal =	 {International Journal of Nonprofit and Voluntary
                  Sector Marketing},
  publisher =	 {Wiley}
}



@Article{DeNigris_2018_museums,
  author =	 {De Nigris, Ornella},
  title =	 {Chinese art museums: organisational models and roles
                  in promoting contemporary art},
  year =	 2018,
  volume =	 5,
  number =	 3,
  month =	 {Mar},
  pages =	 {213–228},
  issn =	 {2197-4241},
  doi =		 {10.1007/s40636-018-0113-x},
  url =		 {http://dx.doi.org/10.1007/s40636-018-0113-x},
  journal =	 {International Communication of Chinese Culture},
  publisher =	 {Springer Science and Business Media LLC}
}



@incollection{Hemels_2017_incentives,
  author =	 {Hemels, Sigrid},
  title =	 {Tax Incentives for Museums and Cultural Heritage},
  editor =	 {Hemels, Sigrid and Goto, Kazuko},
  booktitle =	 {Tax incentives for the Creative Industries},
  year =	 2017,
  pages =	 {107-135},
  publisher =	 {Springer},
  address =	 {Singapore},
  isbn =	 9789812878328,
}





@Book{Reich_2018_philantropy,
  author =	 {Reich, Rob},
  title =	 {Just giving: why philanthropy is failing democracy
                  and how it can do better},
  year =	 2018,
  publisher =	 {Princeton University Press},
  address =	 {Princeton, New Jersey},
  isbn =	 9780691183497,
}



@misc{Brown_Pes_2018_taxpayers,
  title =	 {How Much Should Taxpayers Pay for a Private Museum?},
  url =
                  {https://news.artnet.com/art-world/louis-vuitton-foundation-fricc-1406812},
  publisher =	 {Artnet News},
  author =	 {Brown, Kate and Pes, Javier},
  year =	 2018
}



@misc{Boucher_2020_solow,
  title =	 {Billionaire Sheldon Solow Allegedly Gamed the Tax
                  System for Years With His Inaccessible Art
                  Museum. Now His Widow Will Open It to the Public},
  url =
                  {https://news.artnet.com/art-world/sheldon-solow-collection-public-museum-1924976},
  publisher =	 {Artnet News},
  author =	 {Boucher, Brian},
  year =	 2020,
  month =	 {Nov}
}



@article{Honig_2016_IRS,
  title =	 {Internal Revenue Service's Night at the "Private"
                  Museum},
  author =	 {Honig, David},
  journal =	 {Entertainment, Arts and Sports Law Journal},
  pages =	 {27--29},
  year =	 2016,
  volume =	 27,
  number =	 3
}



@incollection{Boloten_Hacking_2021_foreword,
  title =	 {Foreword},
  author =	 {Boloten, Jeffrey and Hacking, Juliett},
  editor =	 {Adam, Georgina},
  booktitle =	 {The Rise and Rise of the Private Art Museum},
  year =	 2021,
  publisher =	 {Lund Humphries in association with Sotheby's
                  Institute of Art},
}



@incollection{Durand_2018_jumex,
  title =	 {Colección {Jumex} and {Mexico}'s {Art} {Scene}:
                  {The} {Intersection} of {Public} and {Private}},
  shorttitle =	 {Colección {Jumex} and {Mexico}'s {Art} {Scene}},
  booktitle =	 {Art {Museums} of {Latin} {America}},
  publisher =	 {Routledge},
  author =	 {Durand, Lassla Esquivel},
  editor =	 {Greet, Michele and Tarver, Gina McDaniel},
  year =	 2018,
  pages =	 {160--175}
}



@Book{Bechtler_Imhof_2018_future,
  author =	 {Bechtler, Cristina and Imhof, Dora},
  title =	 {The Private Museum of the Future},
  year =	 2018,
  publisher =	 {JRP Ringier, Les Presses du re{\'e}l},
  location =	 {Z{"u}rich Dijon},
  isbn =	 9783037645208,
}



@article{diMaggio_1982_boston,
  author =	 {DiMaggio, Paul},
  title =	 {Cultural entrepreneurship in nineteenth-century
                  Boston: the creation of an organizational base for
                  high culture in America},
  journal =	 {Media, Culture \& Society},
  volume =	 4,
  number =	 1,
  pages =	 {33-50},
  year =	 1982,
  doi =		 {10.1177/016344378200400104},
  URL =		 { https://doi.org/10.1177/016344378200400104 },
  eprint =	 { https://doi.org/10.1177/016344378200400104 }
}



@Book{Adam_2004_philanthropy,
  author =	 {Adam, Thomas},
  title =	 {Philanthropy, Patronage, and Civil Society:
                  Experiences from Germany, Great Britain, and North
                  America},
  year =	 2004,
  publisher =	 {Indiana University Press},
  address =	 {Bloomington},
  isbn =	 9780253110862,
}



@Article{DeWit_etal_2018_philanthropy,
  author =	 {De Wit, Arjen and Neumayr, Michaela and Handy,
                  Femida and Wiepking, Pamala},
  title =	 {Do Government Expenditures Shift Private
                  Philanthropic Donations to Particular Fields of
                  Welfare? Evidence from Cross-country Data},
  year =	 2018,
  volume =	 34,
  number =	 1,
  month =	 {Jan},
  pages =	 {6–21},
  issn =	 {1468-2672},
  doi =		 {10.1093/esr/jcx086},
  url =		 {http://dx.doi.org/10.1093/esr/jcx086},
  journal =	 {European Sociological Review},
  publisher =	 {Oxford University Press (OUP)}
}



@book{Lena_2019_entitled,
  title =	 {Entitled: Discriminating Tastes and the Expansion of
                  the Arts},
  author =	 {Lena, Jennifer C.},
  isbn =	 9780691189840,
  year =	 2019,
  publisher =	 {Princeton University Press},
  location =	 {Princeton}
}



@article{Brown_2019_private,
  title =	 {Private Influence, Public Goods, and the Future of
                  Art History},
  volume =	 3,
  url =
                  {https://www.fokum-jams.org/index.php/jams/article/view/86},
  DOI =		 {10.23690/jams.v3i1.86},
  number =	 1,
  journal =	 {Journal for Art Market Studies},
  author =	 {Brown, Kathryn},
  year =	 2019,
  month =	 {May}
}



@incollection{KalbCosmo_2020_museum,
  author =	 {Kalb Cosmo, Laurie},
  title =	 {Private Museums in Twenty-First Century Europe},
  year =	 2020,
  booktitle =	 {Museums, Collections and Society - Yearbook 2020},
  publisher =	 {Leiden University},
  editor =	 {O’Farrell, Holly and ter Keurs, Pieter},
  pages =	 {31--58}
}



@Article{Maclean_etal_2021_philanthropy,
  author =	 {Maclean, Mairi and Harvey, Charles and Yang, Ruomei
                  and Mueller, Frank},
  title =	 {Elite philanthropy in the United States and United
                  Kingdom in the new age of inequalities},
  year =	 2021,
  month =	 {Feb},
  issn =	 {1468-2370},
  doi =		 {10.1111/ijmr.12247},
  url =		 {http://dx.doi.org/10.1111/ijmr.12247},
  journal =	 {International Journal of Management Reviews},
  publisher =	 {Wiley}
}



@Book{Giridharadas_2018_winners,
  author =	 {Giridharadas, Anand},
  title =	 {Winners take all: the elite charade of changing the
                  world},
  year =	 2018,
  publisher =	 {Alfred A. Knopf},
  address =	 {New York},
  isbn =	 9780451493248,
}



@article{KohlArenas_2015_selfhelp,
  ISSN =	 00029246,
  URL =		 {http://www.jstor.org/stable/43817540},
  author =	 {Erica Kohl-Arenas},
  journal =	 {The American Journal of Economics and Sociology},
  number =	 4,
  pages =	 {796--825},
  publisher =	 {[American Journal of Economics and Sociology, Inc.,
                  Wiley]},
  title =	 {The Self-Help Myth: Towards a Theory of Philanthropy
                  as Consensus Broker},
  volume =	 74,
  year =	 2015
}



@phdthesis{Gnyp_2015_collectors,
  title =	 {The art world of cosmopolitan collectors: In
                  relation to mediators, institutions and producers},
  author =	 {Gnyp, Marta},
  year =	 2015,
  school =	 {University of Amsterdam},
  address =	 {Amsterdam}
}



@techreport{Velthuis_etal_2023_boom,
  title =	 {Beyond the Global Boom: Private Art Museums in the
                  21st Century},
  author =	 {Velthuis, Olav and Kolbe, Kristina and
                  Aengenheyster, Johannes and Friedmann Rozenbaum,
                  Andrea and Gera, Marton and Zhang, Mingxue},
  url =
                  {https://pure.uva.nl/ws/files/123283652/Private_Museum_Report_UvA_Beyond_the_Global_Boom_2023.pdf},
  year =	 2023,
  publisher =	 {Amsterdam Institute for Social Science
                  Research/Amsterdam Business School Research
                  Institute},
  institution = {University of Amsterdam}		  
		  
}



@Article{Bogaert_etal_2014_ecological,
  author =	 {Bogaert, Sandy and Boone, Christophe and Negro,
                  Giacomo and van Witteloostuijn, Arjen},
  title =	 {Organizational Form Emergence: A Meta-Analysis of
                  the Ecological Theory of Legitimation},
  year =	 2014,
  volume =	 42,
  number =	 5,
  month =	 {Mar},
  pages =	 {1344–1373},
  issn =	 {1557-1211},
  doi =		 {10.1177/0149206314527129},
  url =		 {http://dx.doi.org/10.1177/0149206314527129},
  journal =	 {Journal of Management},
  publisher =	 {SAGE Publications}
}



@misc{Fraser_2022_economic_freedom,
  title =	 {Economic Freedom},
  url =
                  {https://www.fraserinstitute.org/economic-freedom/dataset},
  year =	 2022,
  author =	 {{Fraser Institute}}
}



@techreport{Quick_Kruse_Pickering_2014_philanthropy,
  title =	 {Rules to Give By: a Global Philanthropy Legal
                  Environment Index},
  year =	 2014,
  author =	 {Quick, Elaine and Kruse, Toni Ann and Pickering,
                  Adam},
  publisher =	 {Nexus, McDermot Will \& Emery, Charities Aid
                  Foundation},
  institution =  {Nexus},		  
  location =	 {Washington},
  url =
                  {https://nexusglobal.org/wp-content/uploads/2018/06/RULES-TO-GIVE-BY-FINAL-Country-Reports-345-page.pdf}
}



@misc{UN_2022_consumption,
  title =	 {Table 3.1 Government final consumption expenditure
                  by function at current prices},
  year =	 2022,
  url =
                  {http://data.un.org/Data.aspx?q=government+consumption+expenditure&d=SNA&f=group_code%3a301},
  author =	 {{United Nations}}
}



@misc{IMF_2022_GFS,
  title =	 {Government Finance Statistics (GFS) - Expenditure by
                  Functions of Government (COFOG)},
  year =	 2022,
  url =
                  {https://data.imf.org/?sk=5804C5E1-0502-4672-BDCD-671BCDC565A9&cqd=60940208},
  author =	 {IMF}
}



@misc{OECD_2022_SNA_TABLE11_ARCHIVE,
  title =	 {11. Government expenditure by function (COFOG), 2019
                  archive},
  author =	 {{OECD}},
  year =	 2019,
  url =
                  {https://stats.oecd.org/Index.aspx?DataSetCode=SNA_TABLE11_ARCHIVE}
}



@misc{OECD_2022_SNA_TABLE11,
  title =	 {11. Government expenditure by function (COFOG)},
  author =	 {{OECD}},
  year =	 2022,
  url =
                  {https://stats.oecd.org/Index.aspx?DataSetCode=SNA_TABLE11}
}



@misc{Eurostat_2022_COFOG,
  title =	 {General government expenditure by function (COFOG)},
  year =	 2022,
  author =	 {{Eurostat}},
  url =
                  {https://ec.europa.eu/eurostat/databrowser/view/GOV_10A_EXP\$DV_578/default/table?lang=en}
}



@Book{Hannan_1992_dynamics,
  author =	 {Hannan, Michael T. and Carroll, Glenn R.},
  title =	 {Dynamics of organizational populations : density,
                  legitimation, and competition},
  year =	 1992,
  publisher =	 {Oxford University Press},
  address =	 {New York},
  isbn =	 0195071913
}



@misc{WID_2021_WID,
  title =	 {World Inequality Database},
  url =		 {https://wid.world/},
  year =	 2021,
  author =	 {{World Inequality Database}}
}



@book{Bourdieu_1984_distinction,
  author =	 {Bourdieu, Pierre},
  publisher =	 {Harvard University Press},
  title =	 {Distinction: A social critique of the judgement of
                  taste},
  year =	 1984
}



@incollection{Carroll_Khessina_2019_demography,
  author =	 {Carroll, Glenn R. and Khessina, Olga M.},
  title =	 {Organizational, Product and Corporate Demography},
  booktitle =	 {Handbook of Population},
  editor =	 {Poston, Dudley L.},
  year =	 2019,
  pages =	 {521-553},
  issn =	 {2542-839X},
  doi =		 {10.1007/978-3-030-10910-3_21},
  url =		 {http://dx.doi.org/10.1007/978-3-030-10910-3_21},
  ISBN =	 9783030109103,
  publisher =	 {Springer International Publishing}
}



@Article{Velthuis_Gera_2024_fragility,
  author       = {Velthuis, Olav and Gera, Marton},
  title	       = {The fragility of cultural philanthropy: why private
                  art museums close},
  journal      = {International Journal of Cultural Policy},
  year	       = 2024,
  month	       = jun,
  pages	       = {1–14},
  issn	       = {1477-2833},
  doi	       = {10.1080/10286632.2024.2365281},
  url	       = {http://dx.doi.org/10.1080/10286632.2024.2365281},
  publisher    = {Informa UK Limited}
}



@misc{deGruyter_2021_MOW,
  title =	 {Museums of the World},
  author =	 {{De Gruyter}},
  year  =        2021,
  doi =		 {10.1515/mow},
  url =		 {http://dx.doi.org/10.1515/mow},
  publisher =	 {De Gruyter}
}



@Article{Costa_Kahn_2003_heterogeneity,
  author       = {Costa, Dora L. and Kahn, Matthew E.},
  title	       = {Civic Engagement and Community Heterogeneity: An
                  Economist’s Perspective},
  journal      = {Perspective on Politics},
  year	       = 2003,
  volume       = 1,
  number       = 1,
  month	       = mar,
  pages	       = {103–111},
  issn	       = {1541-0986},
  doi	       = {10.1017/s1537592703000082},
  url	       = {http://dx.doi.org/10.1017/S1537592703000082},
  publisher    = {Cambridge University Press (CUP)}
}





@Article{Alesina_Baqir_1999_publicgoods,
  author       = {Alesina, A. and Baqir, R. and Easterly, W.},
  title	       = {Public Goods and Ethnic Divisions},
  journal      = {The Quarterly Journal of Economics},
  year	       = 1999,
  volume       = 114,
  number       = 4,
  month	       = nov,
  pages	       = {1243–1284},
  issn	       = {1531-4650},
  doi	       = {10.1162/003355399556269},
  url	       = {http://dx.doi.org/10.1162/003355399556269},
  publisher    = {Oxford University Press (OUP)}
}



@book{Habyarimana_etal_2009_coethnicity,
  title =	 {Coethnicity: Diversity and the Dilemmas of
                  Collective Action},
  author =	 {Habyarimana, James and Humphreys, Macartan and
                  Posner, Daniel N and Weinstein, Jeremy M},
  year =	 2009,
  publisher =	 {Russell Sage Foundation},
  location =	 {New York}
}




@Article{Baldassarri_Abascal_2020_diversity,
  author       = {Baldassarri, Delia and Abascal, Maria},
  title	       = {Diversity and prosocial behavior},
  journal      = {Science},
  year	       = 2020,
  volume       = 369,
  number       = 6508,
  month	       = sep,
  pages	       = {1183–1187},
  issn	       = {1095-9203},
  doi	       = {10.1126/science.abb2432},
  url	       = {http://dx.doi.org/10.1126/science.abb2432},
  publisher    = {American Association for the Advancement of Science
                  (AAAS)}
}



@Article{Drazanova_2020_HIEF,
  author       = {Drazanova, Lenka},
  title	       = {Introducing the Historical Index of Ethnic
                  Fractionalization (HIEF) Dataset: Accounting for
                  Longitudinal Changes in Ethnic Diversity},
  journal      = {Journal of Open Humanities Data},
  year	       = 2020,
  volume       = 6,
  issn	       = {2059-481X},
  doi	       = {10.5334/johd.16},
  url	       = {http://dx.doi.org/10.5334/johd.16},
  publisher    = {Ubiquity Press, Ltd.}
}




@misc{WB_2024_mist,
  author =	 {{World Bank}},
  title =	 {International migrant stock (\% of population)},
  url =		 https://data.worldbank.org/indicator/SM.POP.TOTL.ZS,
  year =	 2024
}



@Article{Brooks_etal_2017_glmmTMB,
  author =	 {Mollie E. Brooks and Kasper Kristensen and Koen
                  J. {van Benthem} and Arni Magnusson and Casper
                  W. Berg and Anders Nielsen and Hans J. Skaug and
                  Martin Maechler and Benjamin M. Bolker},
  title =	 {{glmmTMB} Balances Speed and Flexibility Among
                  Packages for Zero-inflated Generalized Linear Mixed
                  Modeling},
  year =	 2017,
  journal =	 {The R Journal},
  doi =		 {10.32614/RJ-2017-066},
  pages =	 {378--400},
  volume =	 9,
  number =	 2,
}



@Article{Coxe_West_Aiken_2009_count,
  author =	 {Coxe, Stefany and West, Stephen G. and Aiken, Leona
                  S.},
  title =	 {The Analysis of Count Data: A Gentle Introduction to
                  Poisson Regression and Its Alternatives},
  year =	 2009,
  volume =	 91,
  number =	 2,
  month =	 {Feb},
  pages =	 {121--136},
  issn =	 {1532-7752},
  doi =		 {10.1080/00223890802634175},
  url =		 {http://dx.doi.org/10.1080/00223890802634175},
  journal =	 {Journal of Personality Assessment},
  publisher =	 {Informa UK Limited}
}



@Article{Mijs_2019_paradox,
  author       = {Mijs, Jonathan J B},
  title	       = {The paradox of inequality: income inequality and
                  belief in meritocracy go hand in hand},
  journal      = {Socio-Economic Review},
  year	       = 2019,
  volume       = 19,
  number       = 1,
  month	       = jan,
  pages	       = {7–35},
  issn	       = {1475-147X},
  doi	       = {10.1093/ser/mwy051},
  url	       = {http://dx.doi.org/10.1093/ser/mwy051},
  publisher    = {Oxford University Press (OUP)}
}

